<collection xmlns="http://www.loc.gov/MARC21/slim">
<record>
  <leader>01871nam0a22003731i 450 </leader>
  <controlfield tag="001">IT\ICCU\CNCE\028366</controlfield>
  <controlfield tag="005">20160708000000.0</controlfield>
  <datafield tag="012" ind1=" " ind2=" ">
    <subfield code="a">s-e- i-le e-ri gnAt (3) 1572 (R)</subfield>
    <subfield code="2">fei</subfield>
  </datafield>
  <datafield tag="100" ind1=" " ind2=" ">
    <subfield code="a">19971106d1572        0itac0103    ba</subfield>
  </datafield>
  <datafield tag="101" ind1=" " ind2=" ">
    <subfield code="a">LAT</subfield>
  </datafield>
  <datafield tag="102" ind1=" " ind2=" ">
    <subfield code="a">IT</subfield>
  </datafield>
  <datafield tag="200" ind1="1" ind2=" ">
    <subfield code="a">℗L&apos;℗Erofilomachia, ouero il duello d&apos;amore, et d&apos;amicitia, comedia nuoua, de l&apos;eccellentiss. dottor di leggi m. Sforza d&apos;Oddo gentil&apos;huomo perugino. Ad instantia de Luciano Pasini</subfield>
  </datafield>
  <datafield tag="210" ind1=" " ind2=" ">
    <subfield code="a">In Perugia</subfield>
    <subfield code="c">per Valente Panizza stampator publ.</subfield>
    <subfield code="d">1572</subfield>
  </datafield>
  <datafield tag="215" ind1=" " ind2=" ">
    <subfield code="a">\8!, 96 \i.e. 88! c.</subfield>
    <subfield code="d">8ʻ</subfield>
  </datafield>
  <datafield tag="620" ind1=" " ind2=" ">
    <subfield code="a">IT</subfield>
    <subfield code="d">Perugia</subfield>
  </datafield>
  <datafield tag="700" ind1=" " ind2="1">
    <subfield code="a">Oddi,</subfield>
    <subfield code="b">Sforza : degli</subfield>
    <subfield code="3">IT\ICCU\CNCA\006885</subfield>
  </datafield>
  <datafield tag="712" ind1="0" ind2="0">
    <subfield code="a">Panizza, Valente</subfield>
    <subfield code="3">IT\ICCU\CNCT\000282</subfield>
    <subfield code="4">650</subfield>
  </datafield>
  <datafield tag="712" ind1="0" ind2="0">
    <subfield code="a">Pasini, Luciano</subfield>
    <subfield code="3">IT\ICCU\CNCT\001286</subfield>
    <subfield code="4">650</subfield>
  </datafield>
  <datafield tag="790" ind1=" " ind2="1">
    <subfield code="a">Oddus,</subfield>
    <subfield code="b">Sfortia</subfield>
    <subfield code="3">IT\ICCU\CNCA\021782</subfield>
    <subfield code="z">Oddi, Sforza : degli</subfield>
  </datafield>
  <datafield tag="790" ind1=" " ind2="1">
    <subfield code="a">Degli_Oddi,</subfield>
    <subfield code="b">Sforza</subfield>
    <subfield code="3">IT\ICCU\CNCA\021783</subfield>
    <subfield code="z">Oddi, Sforza : degli</subfield>
  </datafield>
  <datafield tag="791" ind1="0" ind2="0">
    <subfield code="a">Panicius, Valens</subfield>
    <subfield code="3">IT\ICCU\CNCT\002462</subfield>
    <subfield code="z">Panizza, Valente</subfield>
  </datafield>
  <datafield tag="791" ind1="0" ind2="0">
    <subfield code="a">Panitia, Valens</subfield>
    <subfield code="3">IT\ICCU\CNCT\004020</subfield>
    <subfield code="z">Panizza, Valente</subfield>
  </datafield>
  <datafield tag="791" ind1="0" ind2="0">
    <subfield code="a">Panizzi, Valente</subfield>
    <subfield code="3">IT\ICCU\CNCT\005266</subfield>
    <subfield code="z">Panizza, Valente</subfield>
  </datafield>
  <datafield tag="791" ind1="0" ind2="0">
    <subfield code="a">Pannitius, Valens</subfield>
    <subfield code="3">IT\ICCU\CNCT\005267</subfield>
    <subfield code="z">Panizza, Valente</subfield>
  </datafield>
  <datafield tag="791" ind1="0" ind2="0">
    <subfield code="a">Panitius, Valens</subfield>
    <subfield code="3">IT\ICCU\CNCT\005269</subfield>
    <subfield code="z">Panizza, Valente</subfield>
  </datafield>
  <datafield tag="791" ind1="0" ind2="0">
    <subfield code="a">Pasinus, Lucianus</subfield>
    <subfield code="3">IT\ICCU\CNCT\005284</subfield>
    <subfield code="z">Pasini, Luciano</subfield>
  </datafield>
  <datafield tag="801" ind1=" " ind2="3">
    <subfield code="a">IT</subfield>
    <subfield code="b">ICCU</subfield>
    <subfield code="c">20201114</subfield>
  </datafield>
  <datafield tag="899" ind1=" " ind2=" ">
    <subfield code="a">Biblioteca Apostolica Vaticana. Citt ̉del Vaticano</subfield>
    <subfield code="1">EX0001</subfield>
    <subfield code="2">ZCV 01</subfield>
  </datafield>
  <datafield tag="899" ind1=" " ind2=" ">
    <subfield code="a">Biblioteca nazionale centrale. Firenze</subfield>
    <subfield code="1">FI0098</subfield>
    <subfield code="2">CFI CF</subfield>
  </datafield>
  <datafield tag="899" ind1=" " ind2=" ">
    <subfield code="a">Biblioteca nazionale Braidense. Milano</subfield>
    <subfield code="1">MI0185</subfield>
    <subfield code="2">MIL NB</subfield>
  </datafield>
  <datafield tag="899" ind1=" " ind2=" ">
    <subfield code="a">Biblioteca comunale Augusta. Perugia</subfield>
    <subfield code="1">PG0109</subfield>
    <subfield code="2">UM1 01</subfield>
  </datafield>
  <datafield tag="899" ind1=" " ind2=" ">
    <subfield code="a">Biblioteca Dominicini. Perugia</subfield>
    <subfield code="1">PG0151</subfield>
    <subfield code="2">UM1 40</subfield>
  </datafield>
  <datafield tag="899" ind1=" " ind2=" ">
    <subfield code="a">Biblioteca universitaria Alessandrina. Roma</subfield>
    <subfield code="1">RM0280</subfield>
    <subfield code="2">RML 01</subfield>
  </datafield>
  <datafield tag="899" ind1=" " ind2=" ">
    <subfield code="a">Biblioteca nazionale Marciana. Venezia</subfield>
    <subfield code="1">VE0049</subfield>
    <subfield code="2">VEA BM</subfield>
  </datafield>
</record>
</collection>
